<record><leader>00000cas a22000007a 4500</leader><controlfield tag="001">14050140</controlfield><controlfield tag="008">860805d19131916inuwr ne      0    0eng d</controlfield><datafield ind1=" " ind2=" " tag="010"><subfield code="a">sn 86058081 </subfield></datafield><datafield ind1=" " ind2=" " tag="040"><subfield code="a">NPI</subfield><subfield code="b">eng</subfield><subfield code="c">NPI</subfield><subfield code="d">IUL</subfield><subfield code="d">OCLCQ</subfield><subfield code="d">OCLCF</subfield></datafield><datafield ind1="1" ind2=" " tag="029"><subfield code="a">AU@</subfield><subfield code="b">000041615076</subfield></datafield><datafield ind1=" " ind2=" " tag="042"><subfield code="a">msc</subfield></datafield><datafield ind1=" " ind2=" " tag="043"><subfield code="a">n-us-in</subfield></datafield><datafield ind1="0" ind2=" " tag="130"><subfield code="a">Farm and real estate (Ellettsville, Ind. : 1913)</subfield></datafield><datafield ind1="1" ind2="4" tag="245"><subfield code="a">The farm and real estate.</subfield></datafield><datafield ind1=" " ind2=" " tag="260"><subfield code="a">Ellettsville, Ind. :</subfield><subfield code="b">[s.n.],</subfield><subfield code="c">1913-1916.</subfield></datafield><datafield ind1=" " ind2=" " tag="300"><subfield code="a">4 v. :</subfield><subfield code="b">ill. (chiefly advertisements)</subfield></datafield><datafield ind1=" " ind2=" " tag="310"><subfield code="a">Weekly</subfield></datafield><datafield ind1="0" ind2=" " tag="362"><subfield code="a">Vol. 31, no. 28 (Dec. 11, 1913)-v. 34, no. 24 (Nov. 23, 1916) = old ser., v. 41-old ser., v. 44.</subfield></datafield><datafield ind1=" " ind2="0" tag="651"><subfield code="a">Ellettsville (Ind.)</subfield><subfield code="v">Newspapers.</subfield></datafield><datafield ind1=" " ind2="7" tag="655"><subfield code="a">Newspapers.</subfield><subfield code="2">fast</subfield><subfield code="0">(OCoLC)fst01423814</subfield></datafield><datafield ind1=" " ind2="7" tag="651"><subfield code="a">Indiana</subfield><subfield code="z">Ellettsville.</subfield><subfield code="2">fast</subfield><subfield code="0">(OCoLC)fst01209729</subfield></datafield><datafield ind1=" " ind2=" " tag="752"><subfield code="a">United States</subfield><subfield code="b">Indiana</subfield><subfield code="c">Monroe</subfield><subfield code="d">Ellettsville.</subfield></datafield><datafield ind1="0" ind2="0" tag="780"><subfield code="t">Farm (Ellettsville, Ind. : 1895)</subfield><subfield code="w">(DLC)sn 86058080</subfield><subfield code="w">(OCoLC)14050129</subfield></datafield><datafield ind1="0" ind2="0" tag="785"><subfield code="t">Farm (Ellettsville, Ind. : 1916)</subfield><subfield code="w">(DLC)sn 86058075</subfield><subfield code="w">(OCoLC)13409656</subfield></datafield></record>